@inproceedings{chaudhary2022classifying,
  title={Classifying EEG signals of mind-wandering across different styles of meditation},
  author={Chaudhary, Shivam and Pandey, Pankaj and Miyapuram, Krishna Prasad and Lomas, Derek},
  booktitle={Brain Informatics: 15th International Conference, BI 2022, Padua, Italy, July 15--17, 2022, Proceedings},
  pages={152--163},
  year={2022},
  organization={Springer}
}

@inproceedings{lee2007trajectory,
  title={Trajectory clustering: a partition-and-group framework},
  author={Lee, Jae-Gil and Han, Jiawei and Whang, Kyu-Young},
  booktitle={Proceedings of the 2007 ACM SIGMOD international conference on Management of data},
  pages={593--604},
  year={2007}
}

@article{hirate2006generalized,
  title={Generalized sequential pattern mining with item intervals.},
  author={Hirate, Yu and Yamana, Hayato},
  journal={J. Comput.},
  volume={1},
  number={3},
  pages={51--60},
  year={2006}
}
